@article{gholami2019droneassisted,
      title={Drone-Assisted Communications for Remote Areas and Disaster Relief}, 
      author={Anousheh Gholami and Usman A. Fiaz and John S. Baras},
      year={2019},
      eprint={1909.02150},
      archivePrefix={arXiv},
      primaryClass={eess.SP}
}

@misc{shakhatreh2018optimal,
      title={Optimal Placement of a UAV to Maximize the Lifetime of Wireless Devices}, 
      author={Hazim Shakhatreh and Abdallah Khreishah},
      year={2018},
      eprint={1804.02144},
      archivePrefix={arXiv},
      primaryClass={cs.IT}
}
@misc{pham2018distributed,
      title={A Distributed Control Framework of Multiple Unmanned Aerial Vehicles for Dynamic Wildfire Tracking}, 
      author={Huy Xuan Pham and Hung Manh La and David Feil-Seifer and Matthew Dean},
      year={2018},
      eprint={1803.07926},
      archivePrefix={arXiv},
      primaryClass={cs.RO}
}
@article{Malandrino_2019,
   title={Planning UAV activities for efficient user coverage in disaster areas},
   volume={89},
   ISSN={1570-8705},
   url={http://dx.doi.org/10.1016/j.adhoc.2019.04.001},
   DOI={10.1016/j.adhoc.2019.04.001},
   journal={Ad Hoc Networks},
   publisher={Elsevier BV},
   author={Malandrino, Francesco and Chiasserini, Carla-Fabiana and Casetti, Claudio and Chiaraviglio, Luca and Senacheribbe, Andrea},
   year={2019},
   month={Jun},
   pages={177â€“185}
}
@INPROCEEDINGS{878915,  author={S. A. {Bortoff}},  booktitle={Proceedings of the 2000 American Control Conference. ACC (IEEE Cat. No.00CH36334)},   title={Path planning for UAVs},   year={2000},  volume={1},  number={6},  pages={364-368 vol.1},  doi={10.1109/ACC.2000.878915}}
@INPROCEEDINGS{7989656,  author={S. {Hayat} and E. {Yanmaz} and T. X. {Brown} and C. {Bettstetter}},  booktitle={2017 IEEE International Conference on Robotics and Automation (ICRA)},   title={Multi-objective UAV path planning for search and rescue},   year={2017},  volume={},  number={},  pages={5569-5574},  doi={10.1109/ICRA.2017.7989656}}
@INPROCEEDINGS{568581,  author={M. F. J. {Pinkney} and D. {Hampel} and S. {DiPierro}},  booktitle={Proceedings of MILCOM '96 IEEE Military Communications Conference},   title={Unmanned aerial vehicle (UAV) communications relay},   year={1996},  volume={1},  number={},  pages={47-51 vol.1},  doi={10.1109/MILCOM.1996.568581}}